@misc{01_RasaProIntro,
	author    = {Rasa},
	title     = {Introduction to Rasa Pro},
	howpublished = {\url{https://rasa.com/docs/rasa-pro/}}
}

@misc{02_codellama,
	author    = {Rasa},
	title     = {Codellama 13b Calm demo},
	howpublished = {\url{https://huggingface.co/rasa/cmd_gen_codellama_13b_calm_demo}}
}